
@misc{intro,
	title="Time Management - A Case Study [Электронный ресурс]",
	howpublished="Режим доступа: \url{https://www.researchgate.net/publication/323825275_Time_Management_-_A_Case_Study} (дата обращения: 17.03.2024)"
}

@misc{matrix,
	title="Introducing the Eisenhower Matrix [Электронный ресурс]",
	howpublished="Режим доступа: \url{https://www.eisenhower.me/eisenhower-matrix/} (дата обращения: 17.03.2024)"
}

@book{main-book,
	title     = {Тайм-менеджмент},
	author    = {{Брайан~Трейси}},
	year      = {2015},
	language  = {Russian},
	pages     = {1--144}
}


БРАЙАН ТРЕЙСИ 




@misc{sort_report,
	title="Тема 3. Компьютерный анализ данных. Лекция 10. Методы и алгоритмы обработки и анализа данных [Электронный ресурс]",
	howpublished="Режим доступа: \url{http://imamod.ru/~polyakov/arc/stud/mmca/lecture_10.pdf} (дата обращения: 02.12.2023)"
}

@book{grama2003introduction,
	author    = {{Grama A., Gupta A., Karypis G., Kumar V.}},
	title     = {Introduction to Parallel Computing},
	publisher = {Addison-Wesley},
	year      = {2003},
	language  = {English},
	pages     = {1--5}
}


@misc{multithreading,
	author       = {Justin Stoltzfus},
	title        = {Multithreading [Электронный ресурс]},
	howpublished = {Techopedia Janalta Interactive Inc.},
	year         = {2022},
	howpublished = {Режим доступа: https://www.techopedia.com/definition/24297/multithreading-computer-architecture (дата обращения: 09.12.2023)},
	language     = {English}
}



@book{main-book,
	title     = {Автоматическая обработка текстов на естественном языке и компьютерная лингвистика: учеб. пособие},
author    = {{Большакова~Е.~И., Клышински~Э.~С., Ландэ~Д.~В., Носков~А.~А., Пескова~О.~В., Ягунова~Е.~В.}},
	publisher = {МИЭМ},
	year      = {2011},
	language  = {Russian},
	pages     = {1--272}
}


@article{clustering,
	title={Data clustering: A review},
	author={Jain, A. and Murty, M. and Flynn, P.},
	journal={ACM Computing Surveys},
	year={1999},
	volume={31}
}

%file:///D:/dowloads/klasterizatsiya-izobrazheniya-metodom-k-srednih.pdf
@article{defcluctering,
	author={Котелина~Н.~О. and Матвийчук~Б.~Р.},
	title={Кластеризация изображения методом K-средних},
	journal={Вестник Сыктывкарского университета},
	year = {2019},
	pages = {102--106},
	volume={Выпуск 3 (32)},
	language={russian}
}

@misc{python,
	title="The official home of the Python Programming Language [Электронный ресурс]",
	howpublished="Режим доступа: \url{https://www.python.org/} (дата обращения: 01.12.2023)."
}


